@inproceedings{susskind2022weightless,
  title={Weightless neural networks for efficient edge inference},
  author={Susskind, Zachary and Arora, Aman and Miranda, Igor DS and Villon, Luis AQ and Katopodis, Rafael F and de Ara{\'u}jo, Leandro S and Dutra, Diego LC and Lima, Priscila MV and Fran{\c{c}}a, Felipe MG and Breternitz Jr, Mauricio and others},
  booktitle={Proceedings of the International Conference on Parallel Architectures and Compilation Techniques},
  pages={279--290},
  year={2022}
}

@article{dudyrev2022human,
  title={Human knowledge models: Learning applied knowledge from the data},
  author={Dudyrev, Egor and Semenkov, Ilia and Kuznetsov, Sergei O and Gusev, Gleb and Sharp, Andrew and Pianykh, Oleg S},
  journal={Plos one},
  volume={17},
  number={10},
  pages={e0275814},
  year={2022},
  publisher={Public Library of Science San Francisco, CA USA}
}

@inproceedings{aleksander2009brief,
  title={A brief introduction to weightless neural systems.},
  author={Aleksander, Igor and De Gregorio, Massimo and Fran{\c{c}}a, Felipe Maia Galvao and Lima, Priscila Machado Vieira and Morton, Helen},
  booktitle={ESANN},
  pages={299--305},
  year={2009},
  organization={Citeseer}
}

@article{parakal2022intrinsically,
  title={Intrinsically Interpretable Document Classification via Concept Lattices},
  author={Parakal, Eric George and Sergei, O},
  journal={FCA4AI 2022},
  pages={9},
  year={2022}
}

@inproceedings{kuznetsov2022pattern,
  title={Pattern Structures for Knowledge Processing and Information Retrieval},
  author={Kuznetsov, Sergei O and Goncharova, Elizaveta},
  booktitle={Proceedings of the Fifth International Scientific Conference “Intelligent Information Technologies for Industry”(IITI’21)},
  pages={410--420},
  year={2022},
  organization={Springer}
}

@article{glover2018logical,
  title={Logical and inequality implications for reducing the size and difficulty of quadratic unconstrained binary optimization problems},
  author={Glover, Fred and Lewis, Mark and Kochenberger, Gary},
  journal={European Journal of Operational Research},
  volume={265},
  number={3},
  pages={829--842},
  year={2018},
  publisher={Elsevier}
}

@article{goto2019combinatorial,
  title={Combinatorial optimization by simulating adiabatic bifurcations in nonlinear Hamiltonian systems},
  author={Goto, Hayato and Tatsumura, Kosuke and Dixon, Alexander R},
  journal={Science advances},
  volume={5},
  number={4},
  pages={eaav2372},
  year={2019},
  publisher={American Association for the Advancement of Science}
}

@article{goto2021high,
  title={High-performance combinatorial optimization based on classical mechanics},
  author={Goto, Hayato and Endo, Kotaro and Suzuki, Masaru and Sakai, Yoshisato and Kanao, Taro and Hamakawa, Yohei and Hidaka, Ryo and Yamasaki, Masaya and Tatsumura, Kosuke},
  journal={Science Advances},
  volume={7},
  number={6},
  pages={eabe7953},
  year={2021},
  publisher={American Association for the Advancement of Science}
}